@article {helpers,
	author = "Mikkel T. Jensen",
	title = "Helper-Objectives: Using Multi-Objective Evolutionary Algorithms for Single-Objective Optimisation: Evolutionary Computation Combinatorial Optimization",
	journal = "Journal of Mathematical Modelling and Algorithms",
	volume = "3",
	number = "4",
	year = "2004",
	pages = "323-347",
	
	hyphenation = {english}
}

@inproceedings{pesa-ii,
    author = {David W. Corne and Nick R. Jerram and Joshua D. Knowles and Martin J. Oates and Martin J},
    title = {PESA-II: Region-based Selection in Evolutionary Multiobjective Optimization},
    booktitle = {Proceedings of the Genetic and Evolutionary Computation Conference (GECCO’2001)},
    year = {2001},
    pages = {283--290},
    publisher = {Morgan Kaufmann Publishers},
    
    hyphenation = {english}
}

@article{gosavi,
  author    = {Abhijit Gosavi},
  title     = {Reinforcement Learning: A Tutorial Survey and Recent Advances},
  journal   = {INFORMS Journal on Computing},
  volume    = {21},
  number    = {2},
  year      = {2009},
  pages     = {178-192},
	
	hyphenation = {english}
}

@incollection{adjusting,
  author    = {A. E. Eiben and
               Zbigniew Michalewicz and
               Marc Schoenauer and
               J. E. Smith},
  title     = {Parameter Control in Evolutionary Algorithms},
  booktitle = {Parameter Setting in Evolutionary Algorithms},
  year      = {2007},
  pages     = {19-46},
	
	hyphenation = {english}
}

@inproceedings{strings,
  author        = {A. Afanasyeva and M. Buzdalov},
  title         = {Choosing Best Fitness Function with Reinforcement Learning},
  booktitle     = {Proceedings of the Tenth International Conference
                  on Machine Learning and Applications, ICMLA 2011},
  address       = {Honolulu, HI, USA},
  year          = {2011},
  publisher     = {IEEE Computer Society},
  volume        = {2},
  pages         = {354-357},
	
	hyphenation = {english}
}

@inproceedings{ref-point,
  author        = {E. Azuma and T. Shimada and K. Takadama and H. Sato and  K. Hattori},
  title         = {The Biased Multi-Objective Optimization using the Reference Point: Toward the industrial logistics network},
  booktitle     = {Proceedings of the Tenth International Conference
                  on Machine Learning and Applications, ICMLA 2011},
  address       = {Honolulu, HI, USA},
  year          = {2011},
  publisher     = {IEEE Computer Society},
  volume        = {2},
  pages         = {27-30},
	
	hyphenation = {english}
}

@inproceedings{ea-rl,
  author        = {A. E. Eiben and M. Horvath and  W. Kowalczyk and  M. C. Schut},
  title         = {Reinforcement learning for online control of evolutionary algorithms},
  booktitle     = {Proceedings of the 4th international conference on Engineering self-organising systems ESOA'06},
  year          = {2006},
  publisher     = {Springer-Verlag, Berlin, Heidelberg},
  pages         = {151-160},
	
	hyphenation = {english}
}

@inproceedings{es-rl,
  author        = {S. M\"{u}ller and N. N. Schraudolph and P. D. Koumoutsakos},
  title         = {Step Size Adaptation in Evolution Strategies using Reinforcement Learning},
  booktitle     = {Proceedings of the Congress on Evolutionary Computation},
  year          = {2002},
  publisher     = {IEEE},
  pages         = {151-156},
	
	hyphenation = {english}
}

@MISC{average,
    author = {Sridhar Mahadevan},
    title = {Average Reward Reinforcement Learning: Foundations, Algorithms, and Empirical Results},
    year = {1996},
	
	hyphenation = {english}
}

@MISC{h-iff,
    author = {R. A. Watson and J. B. Pollack},
    title = {Analysis of recombinative algorithms on a hierarchical building-block problem. In Foundations of Genetic Algorithms (FOGA)},
    year = {2000},
	
	hyphenation = {english}
}

@inproceedings{r-learning,
  author        = {Anton Schwartz},
  title         = {A reinforcement learning method for maximizing undiscounted rewards},
  booktitle     = {Proceedings of the Tenth International Conference on Machine Learning},
  pages         = {298-305},
  year = {1993},
	
	hyphenation = {english}
}

@INPROCEEDINGS{average-discounted,
    author = {John N. Tsitsiklis and Benjamin Van Roy},
    title = {On Average Versus Discounted Reward Temporal-Difference Learning},
    booktitle = {Machine Learning},
    year = {1999},
    pages = {179--191},
    publisher = {MIT},
	
	hyphenation = {english}
}

@inproceedings{delayed,
  author 		= "Alexander L. Strehl and Lihong Li and Eric Wiewiora and John Langford
					and Michael L. Littman",
  title 		= "{PAC} {M}odel-free {R}einforcement {L}earning",
  booktitle 	= "Proceedings of the 23rd International Conference on Machine Learning (ICML 2006)",
  year 			= "2006",
  pages 		= "881-888",
	
	hyphenation = {english},
}

@inproceedings{non-stationary,
  author        = "Bruno C. Da Silva and Eduardo W. Basso and Ana L. C. Bazzan and Paulo M. Engel",
  title         = "{D}ealing with {N}on-stationary {E}nvironments {U}sing {C}ontext {D}etection",
  booktitle     = "Proceedings of the 23rd International Conference on Machine Learning (ICML 2006)",
  year          = "2006",
  pages         = "217-224",
  publisher     = "ACM Press",
	
	hyphenation = {english}
}

@article{survey,
  author        = "L. P. Kaelbling and M. L. Littman and A. W. Moore",
  title         = "{R}einforcement {L}earning: {A} {S}urvey",
  journal       = "Journal of Artificial Intelligence Research",
  volume        = "4",
  year          = "1996",
    pages         = "237-285",
	
	hyphenation = {english}
}

@book{ mitchell-ga,
	author = {M. Mitchell},
	title = {{An Introduction to Genetic Algorithms}},
	publisher = {MIT Press. Cambridge. MA},
	year = {1996},
	
	hyphenation = {english}
}

@incollection {single-from-multi,
   author = {Neumann, Frank and Wegener, Ingo},
   title = {Can Single-Objective Optimization Profit from Multiobjective Optimization?},
   booktitle = {Multiobjective Problem Solving from Nature},
   series = {Natural Computing Series},
   editor = {Knowles, Joshua and Corne, David and Deb, Kalyanmoy and Chair, Deva Raj},
   publisher = {Springer Berlin Heidelberg},
   pages = {115-130},
   year = {2008},
	
	hyphenation = {english}
}

@inproceedings{ pesa,
	author    = {D. W. Corne and J. D. Knowles},
    title     = {{The Pareto-envelope based selection algorithm for multiobjective optimization}},
    booktitle = {the Sixth International Conference
on Parallel Problem Solving from Nature (PPSN VI)},
    year      = {2000},
    pages     = {839-848},
	address = {Berlin},
	publisher = {Springer-Verlag},
	
	hyphenation = {english}
}

@PhDThesis{ dcga,
    author = {S. W. Mahfoud},
    title = {{Niching methods for genetic algorithms}},
    school = {University of Illinois at Urbana-Champaign},
    year = {1995},
	address = {Urbana, IL, USA},
    month = {February},
	
	hyphenation = {english}
}

@article{ paes,
    author = {J. D. Knowles and D. W. Corne},
    title = {{Approximating the nondominated front using the Pareto archived evolution strategy}},
    journal = {Evolutionary Computation},
	volume = {2},
	number = {8},
    pages = {149-172},
	year = {2000},
	
	hyphenation = {english}
}

@inproceedings{ filtered-ff,
    author    = {H. Sakanashi and K. Suzuki and Y. Kakazu},
    title     = {{Controlling dynamics of GA through filtered evaluation function}},
    booktitle = {Y. Davidor, H. P. Schwefel, R. Maenner, Eds., Parallel Problem Solving from Nature-PPSN II, International Conf. on Evolutionary Computation},
    year      = {1994},
    pages     = {239-248},
	
	hyphenation = {english}
}

@article{ fuzzy,
    author = {Francisco Herrera and Manuel Lozano},
    title = {{Adaptation of Genetic Algorithm Parameters Based on Fuzzy Logic Controllers}},
    journal = {Genetic Algorithms and Soft Computing},
	publisher = {Physica-Verlag},
	year = {1996},
    pages = {95-125},
	
	hyphenation = {english}
}

@book{multievol,
  title         = "{M}ulti-objective {O}ptimization {U}sing {E}volutionary {A}lgorithms",
  author        = "Deb, K.",
  year          = "2001",
  publisher     = "John Wiley \& Sons",
	
	hyphenation = {english}
}

@book{coello,
  title={Evolutionary Algorithms for Solving Multi-Objective Problems},
  author={C.A.C. Coello and  G.B. Lamont and D.A. Van Veldhuisen},
  series={Genetic and Evolutionary Computation Series},
  year={2007},
  publisher={Springer},
	
	hyphenation = {english}
}



@book{multicriteria,
  title         = "{M}ulticriteria {O}ptimization",
  author        = "M. Ehrgott",
  year          = "2005",
  publisher     = "Springer",
	
	hyphenation = {english}
}

@article{ incremental,
    author = {R. Polikar and L. Udpa and S. S. Udpa and V. Honavar},
    title = {{Learn++: An Incremental Learning Algorithm for Supervised Neural Networks}},
    publisher = {{IEEE Transactions on System, Man and Cybernetics (C), Special Issue on Knowledge Management}},
    year = {2001},
	
	hyphenation = {english}
}

@book{ mitchell-ml,
	author = {T. M. Mitchell},
	title = {{Machine Learning}},
	publisher = {McGraw Hill},
	year = {1997},
	
	hyphenation = {english}
}

@book{ nature-inspired,
	author = {X.-S. Yang},
	title = {{Nature-Inspired Metaheuristic Algorithms}},
	publisher = {Luniver Press},
	year = {2010},
	
	hyphenation = {english}
}

@book{ alpaydin,
	author = {E. Alpaydin},
	title = {{Introduction to Machine Learning (Adaptive Computation and Machine Learning)}},
	publisher = {MIT Press},
	year = {2004},
	
	hyphenation = {english}
}

@inproceedings{mh-iff,
 author = {J. D. Knowles and R. A. Watson and D. Corne},
 title = {Reducing Local Optima in Single-Objective Problems by Multi-objectivization},
 booktitle = {Proceedings of the First International Conference on Evolutionary Multi-Criterion Optimization},
 series = {EMO '01},
 year = {2001},
 pages = {269--283},
 publisher = {Springer-Verlag},
 address = {London, UK},
	
	hyphenation = {english}
}

@book{sutton,
  author		= {R. S. Sutton and A. G. Barto},
  title			= {{{R}einforcement {L}earning: {A}n {I}ntroduction}},
  publisher 	= {MIT Press},
  address		= {Cambridge, MA, USA},
  year			= {1998},
	
	hyphenation = {english}
}

@book{ holland,
    author = {J. P. Holland},
    title = {{Adaptation in Natural and Artificial Systems}},
    publisher = {University of Michigan},
    year = {1975},
	
	hyphenation = {english}
}

@book{ bellman,
    author = {R. E. Bellman},
    title = {{Dynamic Programming}},
    address = {Princeton, NJ},
    publisher = {Princeton University Press},
    year = {1957},
	
	hyphenation = {english}
}

@online{ climbing,
    title = {{Hill Climbing}},
    url = {http://en.wikipedia.org/wiki/Hill_climbing}
}

@article{ annealing,
    author = {S. Kirkpatrick and C. D. Gelatt and M. P. Vecchi},
    title = {{Optimization by Simulated Annealing}},
    journal = {Science},
    volume = {220},
    number = {4598},
    year = {1983},
    pages = {671-680},
	
	hyphenation = {english}
}

@misc{ alander-genetic,
    author = {Jarmo T. Alander and Timo Mantere and Pekka Turunen},
    title = {{Genetic Algorithm Based Software Testing}},
    url = {http://citeseer.ist.psu.edu/40769.html},
	
	hyphenation = {english}
}

@online{ essentials,
	author = {Sean Luke},
	title = {Essentials of Metaheuristics},
	url = {http://cs.gmu.edu/~sean/book/metaheuristics/},
	
	hyphenation = {english}
}

@online{ watchmaker,
    title = {{Watchmaker Framework for Evolutionary Computation}},
    url = {http://watchmaker.uncommons.org},
	
	hyphenation = {english}
}

@online{ encog,
	title = {{Encog Machine Learning Framework}},
	url = {http://www.heatonresearch.com/encog},
	
	hyphenation = {english}
}

@TECHREPORT{ quickprop,
    author = {Scott E. Fahlman},
    title = {An empirical study of learning speed in back-propagation networks},
    year = {1988},
	
	hyphenation = {english}
}

@inproceedings{ testing-of-classes,
    author    = {Paolo Tonella},
    title     = {{Evolutionary testing of classes}},
    booktitle = {ISSTA},
    year      = {2004},
    pages     = {119-128},
    ee        = {http://doi.acm.org/10.1145/1007512.1007528},
	
	hyphenation = {english}
}

@book{ myers,
    author = {Glenford J. Myers},
    title = {{The Art of Software Testing, Second Edition}},
    publisher = {John Wiley \& Sons, Inc.},
    year = {2004},
	
	hyphenation = {english}
}

@book{ jls,
    author = {James Gosling and Bill Joy and Guy Steele and Gilad Bracha},
    title = {{The Java Language Specification, Third Edition}},
    publisher = {Addison-Wesley},
    address = {Boston, Mass.},
    year = {2005},
    url = {http://java.sun.com/docs/books/jls/download/langspec-3.0.pdf},
	
	hyphenation = {english}
}

@misc{ foga,
    author = {Stephanie Forrest and Melanie Mitchell},
    title = {{Relative Building-Block Fitness and the Building-Block Hypothesis}},
    year = {1993},
	
	hyphenation = {english}
}
@article{vestnik,
  author        = { А. С. Афанасьева and М. В. Буздалов},
  title         = {Выбор функции приспособленности особей генетического алгоритма с помощью обучения с подкреплением},
  journal 		= {Научно-технический вестник информационных технологий, механики и оптики},
  year          = {2012},
  number		= {1(77)},
  pages         = {77-81},
  hyphenation   = {russian}
}

@book{criteries,
	author = {А. В. Лотов and И. И. Поспелова},
	title = {{Многокритериальные задачи принятия решений: Учебное пособие}},
	address = {М.},
	publisher = {МАКС Пресс},
	year = {2008},
	hyphenation = {russian}
}

@book{systems,
	author = {С. И. Николенко and А. Л. Тулупьев},
	title = {Самообучающиеся системы},
	address = {М.},
	publiser = {МЦНМО},
	year = {2009},
	hyphenation = {russian}
}

@book{ii,
	editor = {В. Г. Редько},
	title = {{От моделей поведения к искусственному интеллекту}},
	address = {М.},
	publisher = {КомКнига},
	year = {2010},
	hyphenation = {russian}
}

@MastersThesis{ master,
    author = {М. В. Буздалов},
    title = {{Генерация тестов для олимпиадных задач по теории графов с использованием эволюционных алгоритмов}},
    school = {СПбГУ ИТМО},
    year = {2011},
	hyphenation = {russian}
}

@book{ skobtsov,
    author = {Юрий Александрович Скобцов},
    title = {{Основы эволюционных вычислений}},
    address = {Донецк},
    publisher = {ДонНТУ},
    year = {2008},
    hyphenation = {russian}
}

@book{ optimize,
    author = {Ф. Гилл and У. Мюррей and М. Райт},
    title = {{Практическая оптимизация}},
    address = {М.},
    publisher = {Мир},
    year = {1985},
    hyphenation = {russian}
}

@book{ harari,
    author = {Фрэнк Харари},
    title = {{Теория графов}},
    address = {М.},
    publisher = {Едиториал УРСС},
    year = {2003},
    hyphenation = {russian}
}

@book{ gareyj,
    author = {М. Гэри and Д. Джонсон},
    title = {{Вычислительные машины и труднорешаемые задачи}},
    address = {Москва},
    publisher = {Издательство <<Мир>>},
    year = {1982},
    hyphenation = {russian}
}

@inproceedings{ clever_ant,
    author = {Федор Николаевич Царев and Анатолий Абрамович Шалыто},
    booktitle = {{Труды IV Международной научно-практической конференции <<Интегрированные модели и мягкие вычисления в искусственном интеллекте>>}},
    pages = {590--597},
    address = {М.},
    publisher = {Физматлит},
    title = {Применение генетического программирования для генерации автомата в задаче об <<Умном муравье>>},
    year = {2007},
    hyphenation = {russian}
}

@book{ xp,
    author = {Кент Бек},
    title = {{Экстремальное программирование}},
    publisher = {Питер},
    year = {2002},
    hyphenation = {russian}
}
