@article{ StateMachinePattern,
    author = "Шамгунов, Н.Н.  and Корнеев, Г.А. and  Шалыто, А.А.",
    title = "State Machine --- новый паттерн объектно-ориентированного проектирования",
    journal = "Информационно-управляющие системы",
    year = "2004",
    number = "5",
    pages = "13--25",
    url = "http://is.ifmo.ru/works/pattern.pdf",
    language = "russian"
}

@article{ harel87statecharts,
    author = "David Harel",
    title = "Statecharts: {A} Visual Formalism for Complex Systems",
    journal = "Science of Computer Programming",
    volume = "8",
    number = "3",
    month = "June",
    pages = "231--274",
    year = "1987",
    url = "citeseer.ist.psu.edu/harel87statecharts.html" 
}

@article{ harel96statemate,
    author = "David Harel and Amnon Naamad",
    title = "The {STATEMATE} semantics of statecharts",
    journal = "ACM Transactions on Software Engineering and Methodology",
    volume = "5",
    number = "4",
    pages = "293--333",
    year = "1996",
    url = "citeseer.ist.psu.edu/harel96statemate.html" }

@inproceedings{HarelKugler04,
   author = {D. Harel and H. Kugler},
   booktitle = {Integration of Software Specification Techniques for Application in Engineering},
   pages = {325--354},
   month = {},
   publisher = {Springer-Verlag},
   series = {Lect. Notes in Comp. Sci.},
   title = {{The RHAPSODY Semantics of Statecharts (or, On the Executable Core of the UML)}},
   volume = {3147},
   class = {uml, oo, sem},
   year = {2004}
}

@Article{ADAMCZYK,
  author =       "Adamczyk, Paul",
  title =        "The Anthology of the Finite State Machine Design Patterns",
  url =          "http://jerry.cs.uiuc.edu/\char126 plop/plop2003/Papers/Adamczyk-State-Machine.pdf"
}

@Book{GAMMA,
    author =       "Гамма, Э. and Хелм, Р. and Джонсон, Р. and Влассидес, Д.",
    title =        "Приемы объектно-ориентированного проектирования. Паттерны проектирования.",
    address =      "СПб.",
    publisher =    "Питер",
    year =         "2001",
    language =     "russian"
}

@Book{SWITCH,
    author =       "Шалыто, А. А.",
    title =        "SWITCH-технология. Алгоритмизация и программирование задач логического управления.",
    address =      "СПб.",
    publisher =    "Наука",
    year =         "1998",
    url =          "http://is.ifmo.ru/books/switch/1"
    language =     "russian"
}

@Book{UMLBOOK2,
    author =       "Буч, Г and Якобсон, А. and Рамбо, Дж.",
    title =        "UML",
    address =      "СПб.",
    publisher =    "Питер",
    year =         "2006",
    language =     "russian"
}

@Book{UMLBOOK,
    author =       "Буч, Г and Джекобсон, А. and Рамбо, Дж.",
    title =        "UML. Руководство пользователя",
    address =      "М.",
    publisher =    "ДМК Пресс",
    year =         "2004",
    language =     "russian"
}

@Book{XUML,
    author =       "Mellor, Stephen J. and Balcer, Marc J.",
    title =        "Executable UML",
    publisher =    "Addison-Wesley",
    year =         "2004",
}

@Book{FAULER,
    author =       "Фаулер, Мартин and Скотт, Кендалл",
    title =        "UML. Основы. Краткое руководство по унифицированному языку моделирования",
    address =      "М.",
    publisher =    "Символ-Плюс",
    year =         "2002",
}

@Book{SAMEK,
    author =       "Samek, M.",
    title =        "Practical Statecharts in C/C++",
    publisher =    "CMP Books",
    year =         "2002",
}

@article{ harel90statemate,
    author = "David Harel and Hagi Lachover and Amnon Naamad and Amir Pnueli and Michal Politi and Rivi Sherman and Aharon Shtull-Trauring and Mark B. Trakhtenbrot",
    title = "{STATEMATE}: A Working Environment for the Development of Complex Reactive Systems",
    journal = "Software Engineering",
    volume = "16",
    number = "4",
    pages = "403-414",
    year = "1990",
    url = "citeseer.ist.psu.edu/harel90statemate.html" 
}

@Misc{RhapsodySite,
    title =        "I-Logix Rhapsody: Model-Driven Development Software with UML 2.0",
    url =          "http://www.ilogix.com/rhapsody/rhapsody.cfm"
}

@Misc{StatemateSite,
    title =        "I-Logix Statemate, Embedded Systems Design Software",
    url =          "http://www.ilogix.com/statemate/statemate.cfm"
}

@Misc{UniModSite,
    title =        "UniMod. Инструмент, поддерживающий SWITCH-технологию",
    url =          "http://unimod.sourceforge.net/"
}

@Misc{EclipseSite,
    title =        "Eclipse. The open source community whose projects are focused on providing an extensible development platform and application frameworks for building software.",
    url =          "http://www.eclipse.org/"
}

@Misc{is.ifmo.ru,
    title =        "Сайт, посвященный автоматному программированию.",
    url =          "http://is.ifmo.ru/"
}

@misc{GenericsTutorial,
    title = "Java Tutorial: Generics",
    url = "http://java.sun.com/j2se/1.5/pdf/generics-tutorial.pdf"
}

@misc{ReflectionTutorial,
    title = "Java Tutorial: Reflection",
    url = "http://java.sun.com/docs/books/tutorial/reflect/"
}


@misc{AnnotationsTutorial,
    title = "Java Tutorial: Annotations",
    url = "http://java.sun.com/j2se/1.5.0/docs/guide/language/annotations.html"
}

@misc{ wasowski-formal,
  author = "Andrzej Wasowski and Peter Sestoft",
  title = "On the Formal Semantics of Visual{STATE} Statecharts",
  url = "citeseer.ist.psu.edu/wasowski02formal.html" }

@inproceedings{CraneD05,
  author    = {Michelle L. Crane and
               J{\"u}rgen Dingel},
  title     = {UML Vs. Classical Vs. Rhapsody Statecharts: Not All Models
               Are Created Equal.},
  booktitle = {MoDELS},
  year      = {2005},
  pages     = {97-112},
  ee        = {http://dx.doi.org/10.1007/11557432_8},
  crossref  = {DBLP:conf/uml/2005},
  bibsource = {DBLP, http://dblp.uni-trier.de}
}

@book{ gosling05java,
    author = "James Gosling and Bill Joy and Guy Steele and Gilad Bracha",
    title = "The {Java} Language Specification, Third Edition",
    publisher = "Addison-Wesley",
    address = "Boston, Mass.",
    year = "2005",
    url = "http://java.sun.com/docs/books/jls/download/langspec-3.0.pdf"
}

@misc{ VisioToSwitchSite,
  title = "Visio2Switch, конвертор для автоматической генерации С/С++ кода по автоматным графам, нарисованных в Visio в соответствии с требованиями SWITCH-технологии.",
  url = "http://is.ifmo.ru/progeny/visio2switch/"
}

@Article{Mavrin06ComponentLifecycles,
  author =       "Маврин, П.Ю. and Корнеев, Г.А. and Станкевич, А.С. and Шалыто, А.А.",
  title =        "Моделирование жизненного цикла компоненты программного комплекса с использованием диаграмм состояний",
  url =          "http://is.ifmo.ru/works/\_taiga.pdf"
}

@Article{SECR2006Mavrin,
  author =       "Маврин, П.Ю. and Корнеев, Г.А. and Шалыто, А.А.",
  title =        "Формальная семантика диаграмм состояний, удобная для практического применения",
  journal = "Software Engineering Conference (Russia)",
  pages = "43--46",
  year = "2006",
  url =          "http://is.ifmo.ru/works/\_semantics.pdf"
}

