


@online{ opencv,
    title = {{OpenCV}},
    url = {http://opencv.org/}
}
@online{ middlebury,
    title = {{Middlebury Stereo Vision}},
    url = {http://vision.middlebury.edu/stereo/}
}
@online{c++,
    title = {{C++ Programming Language}},
    url = {http://en.wikipedia.org/wiki/C++/}
}

@INPROCEEDINGS{sgm,
    author = {Heiko Hirschm√ºller},
    title = {Accurate and efficient stereo processing by semi-global matching and mutual information},
    booktitle = {In Proc. CVRP},
    year = {2005},
    pages = {807--814},
    publisher = {IEEE Computer Society}
}

@inproceedings{eSgm,
  author 		= "Heiko Hirschmuller",
  title 		= "Memory efficient Semi-Global Matching",
  booktitle 	= "ISPRS Annals of the Photogrammetry, Remote Sensing and Spatial Information Sciences",
  year 			= "2012"
}

@inproceedings{post_proc_sgm,
 author = {Hirschmuller, Heiko},
 title = {Stereo Vision in Structured Environments by Consistent Semi-Global Matching},
 booktitle = {Proceedings of the 2006 IEEE Computer Society Conference on Computer Vision and Pattern Recognition - Volume 2},
 series = {CVPR '06},
 year = {2006},
 isbn = {0-7695-2597-0},
 pages = {2386--2393},
 numpages = {8},
 url = {http://dx.doi.org/10.1109/CVPR.2006.294},
 doi = {10.1109/CVPR.2006.294},
 acmid = {1153568},
 publisher = {IEEE Computer Society},
 address = {Washington, DC, USA},
} 


@article{census,
 author = {Hirschmuller, Heiko and Scharstein, Daniel},
 title = {Evaluation of Stereo Matching Costs on Images with Radiometric Differences},
 journal = {IEEE Trans. Pattern Anal. Mach. Intell.},
 issue_date = {September 2009},
 volume = {31},
 number = {9},
 month = sep,
 year = {2009},
 issn = {0162-8828},
 pages = {1582--1599},
 numpages = {18},
 url = {http://dx.doi.org/10.1109/TPAMI.2008.221},
 doi = {10.1109/TPAMI.2008.221},
 acmid = {1592354},
 publisher = {IEEE Computer Society},
 address = {Washington, DC, USA},
 keywords = {Intensity, Performance evaluation of algorithms and systems, Radiometry, Stereo, Stereo, matching cost, performance evaluation, radiometric differences., and thresholding, color, matching cost, performance evaluation, photometry, radiometric differences.},
} 

@ARTICLE{maxlikelihood,
    author = {Ingemar J. Cox and Sunita L. Hingorani and Satish B. Rao and Bruce M. Maggs},
    title = {A maximum likelihood stereo algorithm},
    journal = {Computer Vision and Image Understanding},
    year = {1996},
    volume = {63},
    pages = {542--567}
}

@article{scharstein,
 author = {Scharstein, Daniel and Szeliski, Richard},
 title = {A Taxonomy and Evaluation of Dense Two-Frame Stereo Correspondence Algorithms},
 journal = {Int. J. Comput. Vision},
 issue_date = {April-June 2002},
 volume = {47},
 number = {1-3},
 month = apr,
 year = {2002},
 issn = {0920-5691},
 pages = {7--42},
 numpages = {36},
 url = {http://dx.doi.org/10.1023/A:1014573219977},
 doi = {10.1023/A:1014573219977},
 acmid = {598475},
 publisher = {Kluwer Academic Publishers},
 address = {Hingham, MA, USA},
 keywords = {evaluation of performance, stereo correspondence software, stereo matching survey},
} 

@article{localhirsch,
 author = {Hirschm\"{u}ller, Heiko and Innocent, Peter R. and Garibaldi, Jon},
 title = {Real-Time Correlation-Based Stereo Vision with Reduced Border Errors},
 journal = {Int. J. Comput. Vision},
 issue_date = {April-June 2002},
 volume = {47},
 number = {1-3},
 month = apr,
 year = {2002},
 issn = {0920-5691},
 pages = {229--246},
 numpages = {18},
 url = {http://dx.doi.org/10.1023/A:1014554110407},
 doi = {10.1023/A:1014554110407},
 acmid = {598490},
 publisher = {Kluwer Academic Publishers},
 address = {Hingham, MA, USA},
 keywords = {correlation problems, multiple correlation windows, object border correction, real-time, stereo vision},
} 

@ARTICLE{gruph_cuts,
    author = {Yuri Boykov and Olga Veksler and Ramin Zabih},
    title = {Fast approximate energy minimization via graph cuts},
    journal = {IEEE Transactions on Pattern Analysis and Machine Intelligence},
    year = {2001},
    volume = {23},
    pages = {2001}
}

@MISC{belief_propogation,
    author = {Jian Sun and Nan-ning Zheng and Heung-yeung Shum},
    title = {Stereo matching using belief propagation},
    year = {2003}
}

@ARTICLE{dp,
    author = {Stan Birchfield and Carlo Tomasi},
    title = {Depth Discontinuities by Pixel-to-Pixel Stereo},
    journal = {International Journal of Computer Vision},
    year = {1996},
    volume = {35},
    pages = {1073--1080}
}


@ARTICLE{census, 
author={Hirschmuller, H. and Scharstein, D.}, 
journal={Pattern Analysis and Machine Intelligence, IEEE Transactions on}, 
title={Evaluation of Stereo Matching Costs on Images with Radiometric Differences}, 
year={2009}, 
volume={31}, 
number={9}, 
pages={1582-1599}, 
keywords={filtering theory;image matching;image resolution;stereo image processing;BilSub;Census;HMI;Ordinal;Rank;SoftRank;bilateral background subtraction;hierarchical mutual information;image locations;nonparametric measures;passive binocular stereo methods;pixelwise matching cost;radiometric differences;stereo matching costs evaluation;Intensity;Performance evaluation of algorithms and systems;Radiometry;Stereo;and thresholding;color;matching cost;performance evaluation;photometry;radiometric differences.;Algorithms;Artificial Intelligence;Image Enhancement;Image Interpretation, Computer-Assisted;Imaging, Three-Dimensional;Pattern Recognition, Automated;Photogrammetry;Radiometry;Reproducibility of Results;Sensitivity and Specificity;Subtraction Technique}, 
doi={10.1109/TPAMI.2008.221}, 
ISSN={0162-8828},}


@ARTICLE{esgm,
    author = {Heiko Hirschmuller and Maximilian Buder and Ines Ernst},
    title = {Memory effecient semi-global matching.},
    journal = {ISPRS Annals of the Photogrammetry, Remote Sensing and Spatial Information Sciences,},
    year = {2012}
}